<?xml version="1.0" encoding="UTF-8"?>
<record>
  <leader>01522cam#a2200385#c#4500</leader>
  <controlfield tag="003">DE-605</controlfield>
  <controlfield tag="005">20230803175707.0</controlfield>
  <controlfield tag="007">tu</controlfield>
  <controlfield tag="008">200302|1672####gw ######m####|||#|#lat#c</controlfield>
  <controlfield tag="001">990365770090206441</controlfield>
  <datafield tag="024" ind1="7" ind2=" ">
    <subfield code="a">https://digital.slub-dresden.de/werkansicht/dlf/14445/1/</subfield>
    <subfield code="2">urn</subfield>
  </datafield>
  <datafield tag="024" ind1="7" ind2=" ">
    <subfield code="a">VD17 12:135534T</subfield>
    <subfield code="2">vd17</subfield>
  </datafield>
  <datafield tag="026" ind1=" " ind2=" ">
    <subfield code="e">FEI-Fingerprint: i-4. ueos t,p- m-n- C 1672A</subfield>
  </datafield>
  <datafield tag="035" ind1=" " ind2=" ">
    <subfield code="a">(DE-605)HT020384253</subfield>
  </datafield>
  <datafield tag="040" ind1=" " ind2=" ">
    <subfield code="a">61</subfield>
    <subfield code="b">ger</subfield>
    <subfield code="e">rda</subfield>
    <subfield code="e">vd17</subfield>
  </datafield>
  <datafield tag="041" ind1=" " ind2=" ">
    <subfield code="a">lat</subfield>
  </datafield>
  <datafield tag="044" ind1=" " ind2=" ">
    <subfield code="c">XA-DXDE</subfield>
  </datafield>
  <datafield tag="245" ind1="0" ind2="0">
    <subfield code="a">Schediasma De Avibus Noctu Lucentibus</subfield>
    <subfield code="c">sub Praesidio ... Joachimi Felleri ... Publico Eruditorum Examini submittit Cornelius Vogel, Cygn. Die 21. Ianuarii Anno M.DC.LXIX.</subfield>
  </datafield>
  <datafield tag="264" ind1=" " ind2="1">
    <subfield code="a">Lipsiae</subfield>
    <subfield code="b">[Verlag nicht ermittelbar]</subfield>
    <subfield code="c">Recusa Anno 1672</subfield>
  </datafield>
  <datafield tag="300" ind1=" " ind2=" ">
    <subfield code="a">16 ungezählte Seiten</subfield>
    <subfield code="c">4o</subfield>
  </datafield>
  <datafield tag="336" ind1=" " ind2=" ">
    <subfield code="b">txt</subfield>
  </datafield>
  <datafield tag="337" ind1=" " ind2=" ">
    <subfield code="b">n</subfield>
  </datafield>
  <datafield tag="338" ind1=" " ind2=" ">
    <subfield code="b">nc</subfield>
  </datafield>
  <datafield tag="035" ind1=" " ind2=" ">
    <subfield code="a">(DE-599)HBZHT020384253</subfield>
  </datafield>
  <datafield tag="960" ind1="1" ind2=" ">
    <subfield code="r">61: Link External Server</subfield>
  </datafield>
  <datafield tag="964" ind1="0" ind2="s">
    <subfield code="F">030</subfield>
    <subfield code="A">a||ur||||||37</subfield>
  </datafield>
  <datafield tag="964" ind1="0" ind2="s">
    <subfield code="F">050</subfield>
    <subfield code="A">a|a|||||||||||</subfield>
  </datafield>
  <datafield tag="964" ind1="0" ind2="s">
    <subfield code="F">051</subfield>
    <subfield code="A">my||||||</subfield>
  </datafield>
  <datafield tag="856" ind1="4" ind2="1">
    <subfield code="u">http://digital.slub-dresden.de/ppn273305999</subfield>
    <subfield code="3">Digitalisiert von der SLUB Dresden. Exemplar mit der Signatur: Zool.430,8</subfield>
  </datafield>
  <datafield tag="700" ind1="1" ind2=" ">
    <subfield code="a">Feller, Joachim</subfield>
    <subfield code="d">1638-1691</subfield>
    <subfield code="0">(DE-588)116459301</subfield>
    <subfield code="4">pra</subfield>
    <subfield code="0">https://d-nb.info/gnd/116459301</subfield>
    <subfield code="0">http://viaf.org/viaf/197874021</subfield>
    <subfield code="B">GND-116459301</subfield>
  </datafield>
  <datafield tag="700" ind1="1" ind2=" ">
    <subfield code="a">Vogel, Cornelius</subfield>
    <subfield code="d">1644-1694</subfield>
    <subfield code="0">(DE-588)124560865</subfield>
    <subfield code="4">rsp</subfield>
    <subfield code="0">https://d-nb.info/gnd/124560865</subfield>
    <subfield code="0">http://viaf.org/viaf/30473941</subfield>
    <subfield code="B">GND-124560865</subfield>
  </datafield>
  <datafield tag="751" ind1=" " ind2=" ">
    <subfield code="a">Leipzig</subfield>
    <subfield code="0">(DE-588)4035206-7</subfield>
    <subfield code="2">gnd</subfield>
    <subfield code="4">uvp</subfield>
    <subfield code="0">https://d-nb.info/gnd/040352064</subfield>
    <subfield code="B">GND-040352064</subfield>
  </datafield>
  <datafield tag="655" ind1=" " ind2="7">
    <subfield code="a">Hochschulschrift</subfield>
    <subfield code="0">(DE-588)4113937-9</subfield>
    <subfield code="2">gnd-content</subfield>
  </datafield>
  <datafield tag="500" ind1=" " ind2=" ">
    <subfield code="a">Die Rückseite des Titelblatts ist unbedruckt</subfield>
    <subfield code="9">F:501</subfield>
  </datafield>
  <datafield tag="502" ind1=" " ind2=" ">
    <subfield code="b">Dissertation</subfield>
    <subfield code="c">Universität Leipzig</subfield>
    <subfield code="d">1669</subfield>
  </datafield>
  <datafield tag="MBD" ind1=" " ind2=" ">
    <subfield code="M">49HBZ_NETWORK</subfield>
    <subfield code="i">990365770090206441</subfield>
    <subfield code="n">HBZ Network</subfield>
  </datafield>
  <datafield tag="MBD" ind1=" " ind2=" ">
    <subfield code="M">49HBZ_DUE</subfield>
    <subfield code="i">990043342900206443</subfield>
    <subfield code="n">Universität Düsseldorf</subfield>
  </datafield>
  <datafield tag="MNG" ind1=" " ind2=" ">
    <subfield code="c">System</subfield>
    <subfield code="f">ILS</subfield>
    <subfield code="i">marc21</subfield>
    <subfield code="l">66</subfield>
    <subfield code="k">01</subfield>
    <subfield code="e">false</subfield>
    <subfield code="d">2025-07-17 21:57:25 Europe/Berlin</subfield>
    <subfield code="g">036577009-HBZ01</subfield>
    <subfield code="j">60</subfield>
    <subfield code="a">import</subfield>
    <subfield code="b">2021-04-05 22:32:02 Europe/Berlin</subfield>
  </datafield>
  <datafield tag="H52" ind1="8" ind2="1">
    <subfield code="b">X0001</subfield>
    <subfield code="z">29 in: BINT456</subfield>
    <subfield code="c">UNASSIGNED</subfield>
    <subfield code="8">22251699960006443</subfield>
  </datafield>
  <datafield tag="HOL" ind1=" " ind2=" ">
    <subfield code="b">2021-04-01 09:41:33</subfield>
    <subfield code="8">22251699960006443</subfield>
    <subfield code="M">49HBZ_DUE</subfield>
    <subfield code="g">false</subfield>
    <subfield code="a">import</subfield>
  </datafield>
  <datafield tag="GSI" ind1="7" ind2=" ">
    <subfield code="a">4035206-7</subfield>
    <subfield code="0">http://d-nb.info/gnd/4035206-7</subfield>
    <subfield code="2">gnd</subfield>
    <subfield code="A">GND</subfield>
    <subfield code="B">GND-040352064</subfield>
    <subfield code="C">024</subfield>
  </datafield>
  <datafield tag="GSI" ind1="7" ind2=" ">
    <subfield code="a">Q2079</subfield>
    <subfield code="2">wikidata</subfield>
    <subfield code="A">GND</subfield>
    <subfield code="B">GND-040352064</subfield>
    <subfield code="C">024</subfield>
  </datafield>
  <datafield tag="GSI" ind1="7" ind2=" ">
    <subfield code="a">2879139</subfield>
    <subfield code="2">geonames</subfield>
    <subfield code="A">GND</subfield>
    <subfield code="B">GND-040352064</subfield>
    <subfield code="C">024</subfield>
  </datafield>
  <datafield tag="GSI" ind1="7" ind2=" ">
    <subfield code="a">relation/62649</subfield>
    <subfield code="2">opensm</subfield>
    <subfield code="A">GND</subfield>
    <subfield code="B">GND-040352064</subfield>
    <subfield code="C">024</subfield>
  </datafield>
  <datafield tag="GGN" ind1=" " ind2=" ">
    <subfield code="a">Urbs Lipzi</subfield>
    <subfield code="9">v:B 2006 1., M 1.</subfield>
    <subfield code="A">GND</subfield>
    <subfield code="B">GND-040352064</subfield>
    <subfield code="C">451</subfield>
  </datafield>
  <datafield tag="GGN" ind1=" " ind2=" ">
    <subfield code="a">Lipzi</subfield>
    <subfield code="A">GND</subfield>
    <subfield code="B">GND-040352064</subfield>
    <subfield code="C">451</subfield>
  </datafield>
  <datafield tag="GGN" ind1=" " ind2=" ">
    <subfield code="a">Lejpcig</subfield>
    <subfield code="A">GND</subfield>
    <subfield code="B">GND-040352064</subfield>
    <subfield code="C">451</subfield>
  </datafield>
  <datafield tag="GGN" ind1=" " ind2=" ">
    <subfield code="a">Reichsmessestadt Leipzig</subfield>
    <subfield code="A">GND</subfield>
    <subfield code="B">GND-040352064</subfield>
    <subfield code="C">451</subfield>
  </datafield>
  <datafield tag="GGN" ind1=" " ind2=" ">
    <subfield code="9">L:hsb</subfield>
    <subfield code="a">Lipsk</subfield>
    <subfield code="5">DE-Bn1</subfield>
    <subfield code="A">GND</subfield>
    <subfield code="B">GND-040352064</subfield>
    <subfield code="C">451</subfield>
  </datafield>
  <datafield tag="GGN" ind1=" " ind2=" ">
    <subfield code="a">Lipcse</subfield>
    <subfield code="A">GND</subfield>
    <subfield code="B">GND-040352064</subfield>
    <subfield code="C">451</subfield>
  </datafield>
  <datafield tag="GGN" ind1=" " ind2=" ">
    <subfield code="a">Messestadt Leipzig</subfield>
    <subfield code="A">GND</subfield>
    <subfield code="B">GND-040352064</subfield>
    <subfield code="C">451</subfield>
  </datafield>
  <datafield tag="GGN" ind1=" " ind2=" ">
    <subfield code="a">Groß-Leipzig</subfield>
    <subfield code="A">GND</subfield>
    <subfield code="B">GND-040352064</subfield>
    <subfield code="C">451</subfield>
  </datafield>
  <datafield tag="GGN" ind1=" " ind2=" ">
    <subfield code="a">Lipsia</subfield>
    <subfield code="A">GND</subfield>
    <subfield code="B">GND-040352064</subfield>
    <subfield code="C">451</subfield>
  </datafield>
  <datafield tag="GGN" ind1=" " ind2=" ">
    <subfield code="a">Stadt Leipzig</subfield>
    <subfield code="A">GND</subfield>
    <subfield code="B">GND-040352064</subfield>
    <subfield code="C">451</subfield>
  </datafield>
  <datafield tag="GGN" ind1=" " ind2=" ">
    <subfield code="a">Leipsic</subfield>
    <subfield code="A">GND</subfield>
    <subfield code="B">GND-040352064</subfield>
    <subfield code="C">451</subfield>
  </datafield>
  <datafield tag="GGN" ind1=" " ind2=" ">
    <subfield code="a">Leipzic</subfield>
    <subfield code="A">GND</subfield>
    <subfield code="B">GND-040352064</subfield>
    <subfield code="C">451</subfield>
  </datafield>
  <datafield tag="GGN" ind1=" " ind2=" ">
    <subfield code="a">Leyptzick</subfield>
    <subfield code="A">GND</subfield>
    <subfield code="B">GND-040352064</subfield>
    <subfield code="C">451</subfield>
  </datafield>
  <datafield tag="GGN" ind1=" " ind2=" ">
    <subfield code="a">Lejpzjg</subfield>
    <subfield code="A">GND</subfield>
    <subfield code="B">GND-040352064</subfield>
    <subfield code="C">451</subfield>
  </datafield>
  <datafield tag="GGN" ind1=" " ind2=" ">
    <subfield code="a">Leipsig</subfield>
    <subfield code="A">GND</subfield>
    <subfield code="B">GND-040352064</subfield>
    <subfield code="C">451</subfield>
  </datafield>
  <datafield tag="GGN" ind1=" " ind2=" ">
    <subfield code="a">Leipsia</subfield>
    <subfield code="A">GND</subfield>
    <subfield code="B">GND-040352064</subfield>
    <subfield code="C">451</subfield>
  </datafield>
  <datafield tag="GGN" ind1=" " ind2=" ">
    <subfield code="a">Gross-Leipzig</subfield>
    <subfield code="A">GND</subfield>
    <subfield code="B">GND-040352064</subfield>
    <subfield code="C">451</subfield>
  </datafield>
  <datafield tag="GGN" ind1=" " ind2=" ">
    <subfield code="a">Liptzk</subfield>
    <subfield code="A">GND</subfield>
    <subfield code="B">GND-040352064</subfield>
    <subfield code="C">451</subfield>
  </datafield>
  <datafield tag="GGN" ind1=" " ind2=" ">
    <subfield code="a">Leiptzk</subfield>
    <subfield code="A">GND</subfield>
    <subfield code="B">GND-040352064</subfield>
    <subfield code="C">451</subfield>
  </datafield>
  <datafield tag="GGN" ind1=" " ind2=" ">
    <subfield code="a">Leyptzigk</subfield>
    <subfield code="A">GND</subfield>
    <subfield code="B">GND-040352064</subfield>
    <subfield code="C">451</subfield>
  </datafield>
  <datafield tag="GGN" ind1=" " ind2=" ">
    <subfield code="a">Leipsique</subfield>
    <subfield code="A">GND</subfield>
    <subfield code="B">GND-040352064</subfield>
    <subfield code="C">451</subfield>
  </datafield>
  <datafield tag="GGN" ind1=" " ind2=" ">
    <subfield code="a">Leipsick</subfield>
    <subfield code="A">GND</subfield>
    <subfield code="B">GND-040352064</subfield>
    <subfield code="C">451</subfield>
  </datafield>
  <datafield tag="GGN" ind1=" " ind2=" ">
    <subfield code="a">Leypsic</subfield>
    <subfield code="A">GND</subfield>
    <subfield code="B">GND-040352064</subfield>
    <subfield code="C">451</subfield>
  </datafield>
  <datafield tag="GGN" ind1=" " ind2=" ">
    <subfield code="a">Leipsic</subfield>
    <subfield code="A">GND</subfield>
    <subfield code="B">GND-040352064</subfield>
    <subfield code="C">451</subfield>
  </datafield>
  <datafield tag="GPN" ind1="1" ind2=" ">
    <subfield code="a">Vogel, Cornelius &lt;&lt;von&gt;&gt;</subfield>
    <subfield code="d">1644-1694</subfield>
    <subfield code="A">GND</subfield>
    <subfield code="B">GND-124560865</subfield>
    <subfield code="C">400</subfield>
  </datafield>
  <datafield tag="GPN" ind1="1" ind2=" ">
    <subfield code="a">Vogel, Cornelius &lt;&lt;de&gt;&gt;</subfield>
    <subfield code="d">1644-1694</subfield>
    <subfield code="A">GND</subfield>
    <subfield code="B">GND-124560865</subfield>
    <subfield code="C">400</subfield>
  </datafield>
  <datafield tag="GPN" ind1="1" ind2=" ">
    <subfield code="a">Vogel, Kornelius</subfield>
    <subfield code="d">1644-1694</subfield>
    <subfield code="A">GND</subfield>
    <subfield code="B">GND-124560865</subfield>
    <subfield code="C">400</subfield>
  </datafield>
  <datafield tag="GPN" ind1="1" ind2=" ">
    <subfield code="a">Vogelius, Cornelius</subfield>
    <subfield code="d">1644-1694</subfield>
    <subfield code="A">GND</subfield>
    <subfield code="B">GND-124560865</subfield>
    <subfield code="C">400</subfield>
  </datafield>
  <datafield tag="GSI" ind1="7" ind2=" ">
    <subfield code="a">124560865</subfield>
    <subfield code="0">http://d-nb.info/gnd/124560865</subfield>
    <subfield code="2">gnd</subfield>
    <subfield code="A">GND</subfield>
    <subfield code="B">GND-124560865</subfield>
    <subfield code="C">024</subfield>
  </datafield>
  <datafield tag="GPN" ind1="1" ind2=" ">
    <subfield code="a">Fellerus, Joachimus F.</subfield>
    <subfield code="d">1638-1691</subfield>
    <subfield code="A">GND</subfield>
    <subfield code="B">GND-116459301</subfield>
    <subfield code="C">400</subfield>
  </datafield>
  <datafield tag="GPN" ind1="1" ind2=" ">
    <subfield code="a">Fellerus, L. Joachimus</subfield>
    <subfield code="d">1638-1691</subfield>
    <subfield code="A">GND</subfield>
    <subfield code="B">GND-116459301</subfield>
    <subfield code="C">400</subfield>
  </datafield>
  <datafield tag="GPN" ind1="1" ind2=" ">
    <subfield code="a">Dermasius, Franciscus</subfield>
    <subfield code="d">1638-1691</subfield>
    <subfield code="4">pseu</subfield>
    <subfield code="i">Pseudonym</subfield>
    <subfield code="A">GND</subfield>
    <subfield code="B">GND-116459301</subfield>
    <subfield code="C">400</subfield>
  </datafield>
  <datafield tag="GPN" ind1="0" ind2=" ">
    <subfield code="a">Franziskus Dermasius</subfield>
    <subfield code="d">1638-1691</subfield>
    <subfield code="4">pseu</subfield>
    <subfield code="i">Pseudonym</subfield>
    <subfield code="A">GND</subfield>
    <subfield code="B">GND-116459301</subfield>
    <subfield code="C">400</subfield>
  </datafield>
  <datafield tag="GPN" ind1="0" ind2=" ">
    <subfield code="a">Cholander</subfield>
    <subfield code="d">1638-1691</subfield>
    <subfield code="4">pseu</subfield>
    <subfield code="i">Pseudonym</subfield>
    <subfield code="A">GND</subfield>
    <subfield code="B">GND-116459301</subfield>
    <subfield code="C">400</subfield>
  </datafield>
  <datafield tag="GPN" ind1="0" ind2=" ">
    <subfield code="a">J. F.</subfield>
    <subfield code="d">1638-1691</subfield>
    <subfield code="A">GND</subfield>
    <subfield code="B">GND-116459301</subfield>
    <subfield code="C">400</subfield>
  </datafield>
  <datafield tag="GPN" ind1="0" ind2=" ">
    <subfield code="a">L. J. F.</subfield>
    <subfield code="d">1638-1691</subfield>
    <subfield code="A">GND</subfield>
    <subfield code="B">GND-116459301</subfield>
    <subfield code="C">400</subfield>
  </datafield>
  <datafield tag="GPN" ind1="0" ind2=" ">
    <subfield code="a">L. J. F. P. P.</subfield>
    <subfield code="d">1638-1691</subfield>
    <subfield code="A">GND</subfield>
    <subfield code="B">GND-116459301</subfield>
    <subfield code="C">400</subfield>
  </datafield>
  <datafield tag="GPN" ind1="0" ind2=" ">
    <subfield code="a">L. J. F. P. P. P.</subfield>
    <subfield code="d">1638-1691</subfield>
    <subfield code="A">GND</subfield>
    <subfield code="B">GND-116459301</subfield>
    <subfield code="C">400</subfield>
  </datafield>
  <datafield tag="GPN" ind1="1" ind2=" ">
    <subfield code="a">Fellerus, Ioachimus</subfield>
    <subfield code="d">1638-1691</subfield>
    <subfield code="A">GND</subfield>
    <subfield code="B">GND-116459301</subfield>
    <subfield code="C">400</subfield>
  </datafield>
  <datafield tag="GPN" ind1="1" ind2=" ">
    <subfield code="a">Fellerus, Joachimus</subfield>
    <subfield code="d">1638-1691</subfield>
    <subfield code="A">GND</subfield>
    <subfield code="B">GND-116459301</subfield>
    <subfield code="C">400</subfield>
  </datafield>
  <datafield tag="GPN" ind1="1" ind2=" ">
    <subfield code="a">Feller, Joachim L.</subfield>
    <subfield code="d">1638-1691</subfield>
    <subfield code="A">GND</subfield>
    <subfield code="B">GND-116459301</subfield>
    <subfield code="C">400</subfield>
  </datafield>
  <datafield tag="GPN" ind1="1" ind2=" ">
    <subfield code="a">Fellerus, Joach.</subfield>
    <subfield code="d">1638-1691</subfield>
    <subfield code="A">GND</subfield>
    <subfield code="B">GND-116459301</subfield>
    <subfield code="C">400</subfield>
  </datafield>
  <datafield tag="GSI" ind1="7" ind2=" ">
    <subfield code="a">116459301</subfield>
    <subfield code="0">http://d-nb.info/gnd/116459301</subfield>
    <subfield code="2">gnd</subfield>
    <subfield code="A">GND</subfield>
    <subfield code="B">GND-116459301</subfield>
    <subfield code="C">024</subfield>
  </datafield>
</record>
